%% This BibTeX bibliography file was created using BibDesk.
%% http://bibdesk.sourceforge.net/


%% Created for Juste Raimbault at 2013-05-27 10:38:27 +0200 


%% Saved with string encoding Occidental (ISO Latin 1) 



@webpage{AedasWeb,
	Date-Added = {2013-05-22 17:01:48 +0000},
	Date-Modified = {2013-05-22 17:05:55 +0000},
	Title = {AEDAS Architectes webpage},
	Url = {http://www.aedas.com/},
	Year = {2013}}

@article{tsybakov2004introduction,
	Author = {Tsybakov, Alexandre B},
	Date-Added = {2013-05-22 13:55:19 +0000},
	Date-Modified = {2013-05-22 13:55:30 +0000},
	Publisher = {Math{\'e}matiques$\backslash$ \& Applications (Paris)},
	Title = {Introduction to nonparametric estimation. (Introduction {\`a} l'estimation non-param{\'e}trique.)},
	Year = {2004}}

@book{sarkis2001corbusier,
	Author = {Sarkis, Hashim},
	Date-Added = {2013-05-22 12:29:32 +0000},
	Date-Modified = {2013-05-22 12:29:32 +0000},
	Publisher = {Prestel Pub},
	Title = {Le Corbusier's Venice Hospital and the mat building revival},
	Year = {2001}}

@book{banham1984architecture,
	Author = {Banham, Reyner},
	Date-Added = {2013-05-20 13:56:00 +0000},
	Date-Modified = {2013-05-20 13:56:00 +0000},
	Publisher = {University of Chicago Press},
	Title = {Architecture of the Well-tempered Environment},
	Year = {1984}}

@article{smithson1974recognize,
	Author = {Smithson, Alison},
	Date-Added = {2013-05-20 12:24:11 +0000},
	Date-Modified = {2013-05-20 12:24:11 +0000},
	Journal = {Architectural Design},
	Number = {9},
	Pages = {573},
	Title = {How to Recognize and Read Mat-Building: Mainstream Architecture as it has Developed Towards the Mat Building},
	Volume = {44},
	Year = {1974}}

@book{Jac56,
	Author = {Jane Jacobs},
	Date-Added = {2013-05-20 09:19:24 +0000},
	Date-Modified = {2013-05-20 09:19:24 +0000},
	Publisher = {Vintage},
	Read = {1},
	Title = {The Death and Life of Great American Cities},
	Year = {1956}}

@book{calvino1978invisible,
	Author = {Calvino, Italo},
	Date-Added = {2013-05-20 09:04:42 +0000},
	Date-Modified = {2013-05-20 09:04:42 +0000},
	Publisher = {Mariner Books},
	Title = {Invisible cities},
	Year = {1978}}
